<record><leader>00000cas a22000007a 4500</leader><controlfield tag="001">13115089</controlfield><controlfield tag="008">860206d19051927iaudr ne      0    0eng d</controlfield><datafield ind1=" " ind2=" " tag="010"><subfield code="a">sn 86063083 </subfield></datafield><datafield ind1=" " ind2=" " tag="040"><subfield code="a">KSH</subfield><subfield code="b">eng</subfield><subfield code="c">KSH</subfield><subfield code="d">NPT</subfield><subfield code="d">INP</subfield><subfield code="d">MGN</subfield><subfield code="d">OCLCQ</subfield></datafield><datafield ind1=" " ind2=" " tag="042"><subfield code="a">msc</subfield></datafield><datafield ind1="0" ind2="4" tag="245"><subfield code="a">The Des Moines capital.</subfield></datafield><datafield ind1=" " ind2=" " tag="260"><subfield code="a">Des Moines [Iowa] :</subfield><subfield code="b">Lafayette Young,</subfield><subfield code="c">1905-1927.</subfield></datafield><datafield ind1=" " ind2=" " tag="300"><subfield code="a">22 v. :</subfield><subfield code="b">ill. ;</subfield><subfield code="c">60 cm.</subfield></datafield><datafield ind1=" " ind2=" " tag="310"><subfield code="a">Daily</subfield></datafield><datafield ind1="0" ind2=" " tag="362"><subfield code="a">Vol. 22, no. 8 (Feb. 14, 1905)-v. 43, no. 323 (Feb. 12, 1927).</subfield></datafield><datafield ind1=" " ind2=" " tag="752"><subfield code="a">United States</subfield><subfield code="b">Iowa</subfield><subfield code="c">Polk</subfield><subfield code="d">Des Moines.</subfield></datafield><datafield ind1="0" ind2="0" tag="780"><subfield code="t">Des Moines daily capital</subfield><subfield code="w">(DLC)sn 87057103</subfield><subfield code="w">(OCoLC)14771614</subfield></datafield><datafield ind1="0" ind2="7" tag="785"><subfield code="t">Evening tribune (Des Moines, Iowa : 1926)</subfield><subfield code="w">(DLC)sn 87057105</subfield></datafield><datafield ind1="0" ind2="7" tag="785"><subfield code="t">Evening tribune, the Des Moines capital</subfield><subfield code="w">(DLC)sn 87057106</subfield><subfield code="w">(OCoLC)14771633</subfield></datafield></record>